@Book{xie2015,
  title = {Dynamic Documents with {R} and knitr},
  author = {Yihui Xie},
  publisher = {Chapman and Hall/CRC},
  address = {Boca Raton, Florida},
  year = {2015},
  edition = {2nd},
  note = {ISBN 978-1498716963},
  url = {http://yihui.org/knitr/},
}

@article{cabello2022elucidating,
  title={Elucidating the picocyanobacteria salinity divide through ecogenomics of new freshwater isolates},
  author={Cabello-Yeves, Pedro J and Callieri, Cristiana and Picazo, Antonio and Schallenberg, Lena and Huber, Paula and Roda-Garcia, Juan J and Bartosiewicz, Maciej and Belykh, Olga I and Tikhonova, Irina V and Torcello-Requena, Alberto and others},
  journal={BMC biology},
  volume={20},
  number={1},
  pages={1--24},
  year={2022},
  publisher={BioMed Central}
}
@article{lefort2015fastme,
  title={FastME 2.0: a comprehensive, accurate, and fast distance-based phylogeny inference program},
  author={Lefort, Vincent and Desper, Richard and Gascuel, Olivier},
  journal={Molecular biology and evolution},
  volume={32},
  number={10},
  pages={2798--2800},
  year={2015},
  publisher={Oxford University Press}
}
@article{emms2019orthofinder,
  title={OrthoFinder: phylogenetic orthology inference for comparative genomics},
  author={Emms, David M and Kelly, Steven},
  journal={Genome biology},
  volume={20},
  pages={1--14},
  year={2019},
  publisher={Springer}
}
